<?xml version="1.0" encoding="UTF-8"?><collection><record><leader>03930ntm a2200445 a 4500</leader><controlfield tag="001">002590523</controlfield><controlfield tag="003">MiAaHDL</controlfield><controlfield tag="005">20190719000000.0</controlfield><controlfield tag="006">m        d        </controlfield><controlfield tag="007">cr bn ---auaua</controlfield><controlfield tag="008">930119q15681569xx            00||  ara d</controlfield><datafield tag="035" ind1=" " ind2=" "><subfield code="a">(MiU)002590523</subfield></datafield><datafield tag="035" ind1=" " ind2=" "><subfield code="a">sdr-miu002590523</subfield></datafield><datafield tag="035" ind1=" " ind2=" "><subfield code="a">(OCoLC)34365601</subfield></datafield><datafield tag="035" ind1=" " ind2=" "><subfield code="a">(RLIN)MIUH92-A69</subfield></datafield><datafield tag="040" ind1=" " ind2=" "><subfield code="a">MiU</subfield><subfield code="c">MiU</subfield><subfield code="e">appm</subfield><subfield code="d">MiU</subfield></datafield><datafield tag="100" ind1="1" ind2=" "><subfield code="6">880-01</subfield><subfield code="a">Tājūrī, Abū Zayd ʻAbd al-Raḥmān ibn Muḥammad,</subfield><subfield code="d">d. 1590.</subfield></datafield><datafield tag="240" ind1="1" ind2="0"><subfield code="6">880-02</subfield><subfield code="a">Sharḥ al-risālah al-fatḥīyah</subfield></datafield><datafield tag="245" ind1="1" ind2="0"><subfield code="6">880-03</subfield><subfield code="a">Sharḥ risālat Sibṭ al-Māridīnī fī al-rubʻ al-mujayyab :</subfield><subfield code="k">manuscript,</subfield><subfield code="f">[1568 of 9?] /</subfield><subfield code="c">lil-shaykh al-imām al-ʻālim al-mutafannin Sabbadī ʻAbd al-Raḥmān al-Tājūrī.</subfield></datafield><datafield tag="300" ind1=" " ind2=" "><subfield code="a">1</subfield><subfield code="f">v. ([84] p.) ;</subfield><subfield code="c">18 cm.</subfield></datafield><datafield tag="500" ind1=" " ind2=" "><subfield code="a">Text rubricated; marginal corrections in hand of copyist.</subfield></datafield><datafield tag="500" ind1=" " ind2=" "><subfield code="a">Date from owner's mark on p. [3].</subfield></datafield><datafield tag="510" ind1="4" ind2=" "><subfield code="a">GAL,</subfield><subfield code="c">Suppl. II, p. 485; King, Survey, p. 86.</subfield></datafield><datafield tag="520" ind1=" " ind2=" "><subfield code="a">Commentary on Sibṭ al-Māridīnī's treatise on the sine quadrant, for which see Mich. Isl. Ms. 749,2; copy defective after p. [84].</subfield></datafield><datafield tag="538" ind1=" " ind2=" "><subfield code="a">Mode of access: Internet.</subfield></datafield><datafield tag="541" ind1=" " ind2=" "><subfield code="d">07/--/36</subfield><subfield code="3">Manuscript</subfield><subfield code="a">McGregor Fund</subfield><subfield code="c">Purchase, 1933/34</subfield><subfield code="h">15 p.t.</subfield></datafield><datafield tag="545" ind1=" " ind2=" "><subfield code="a">Egyptian (?) astronomer.</subfield></datafield><datafield tag="561" ind1=" " ind2=" "><subfield code="a">ibn al-Dārāghad[?] al-ʻAṭṭār fī sanat 1159 [1746]; on p. [83], borrower's name and date: naẓara fīhi wa-taʾammala maʻānīhi ... Saʻīd al-ʻAṭṭār ibn al-shaykh ʻAbd al-Qādir fī ghurrat Rajab sanat 1228 [30 June 1813]; across top of pp. [2-3] and abbreviated elsewhere: waqf al-marḥūm al-mullā ʻUthmān al-Kardī ʻalá ṭalabat al-ʻilm fī irḥāmihi wa-sāyir al-Muslimīn; on p. [1], manuscript notes in handwriting of Max Meyerhof.</subfield></datafield><datafield tag="561" ind1=" " ind2=" "><subfield code="a">... al-sayyid Laḥmadī ʻAlāʾ al-Dīn al-Dimashqī al-Baʻlabakkī ... sanat 1134 [1721 or 2]; on p. [84], owner's name, purchase price, and date of purchase: shiriyan min wirthat al-marḥūm qāḍī Makkah al-musharrifah bi-thaman qadaruhu arbaʻ qurūsh/dakhal fī milk al-faqīr ...[?]... Muḥammad ibn Īwāz Bīk al-Rukkābī [?] al-ḥanafī madhhab al-Dimashqī mawṭan wa-dhālika fī ghurrat Rabīʻ al-awwal sanat 1134 [20 December 1721]; on p. [3], owner's name: malakahu ... Faḍl Allāh</subfield></datafield><datafield tag="561" ind1=" " ind2=" "><subfield code="a">Purchased in Cairo, 1933/34. Owners' marks: on p. [3], owner's autograph with date: min kutub al-faqīr ...[?]... Yaḥyá ibn Ḥasan ibn ʻAlī ...[?]... thumma al-shahīr bi-ibn Mālik al-Makkī ...[?]... sanat sitt wa-sabʻīn[?] wa-tisʻumiʾah [1568 or 9] ...[?]; on pp. [1] and [3], owner's autograph with date: fī nawbat al-faqīr Muḥammad ibn Aḥmad al-Ṭawāqī al-Ḥanafī sanat 1124 [1712]; on p. [84], borrower's name and date: ṭālaʻa fīhi wa-taʾammala ...[?]... bi-qadr al-imkān al-faqīr</subfield></datafield><datafield tag="600" ind1="1" ind2="0"><subfield code="6">880-04</subfield><subfield code="a">Sibṭ al-Māridīnī, Badr al-Dīn Muḥammad ibn Muḥammad,</subfield><subfield code="d">b. 1423.</subfield><subfield code="t">Risālah fī al-ʻamal bi-al-rubʻ al-mujayyab.</subfield></datafield><datafield tag="650" ind1=" " ind2="0"><subfield code="a">Astronomy, Arab</subfield><subfield code="y">Early works to 1800.</subfield></datafield><datafield tag="650" ind1=" " ind2="0"><subfield code="a">Astronomical instruments</subfield><subfield code="y">Early works to 1800.</subfield></datafield><datafield tag="650" ind1=" " ind2="0"><subfield code="a">Quadrants (Astronomical instruments)</subfield><subfield code="v">Early works to 1800.</subfield></datafield><datafield tag="650" ind1=" " ind2="0"><subfield code="a">Manuscripts, Arabic</subfield><subfield code="z">Michigan</subfield><subfield code="z">Ann Arbor.</subfield></datafield><datafield tag="700" ind1="1" ind2=" "><subfield code="a">Meyerhof, Max,</subfield><subfield code="d">1874-1945,</subfield><subfield code="e">former owner.</subfield></datafield><datafield tag="773" ind1="0" ind2=" "><subfield code="7">unbc</subfield><subfield code="a">Tracy W. McGregor Collection of Arabic, Persian, and Turkish Mathematical and Astronomical Manuscripts.</subfield><subfield code="w">(CStRLIN)MIUH92-A20.</subfield></datafield><datafield tag="880" ind1="0" ind2="0"><subfield code="6">600-04/</subfield><subfield code="a">بدر الدين محمد بن محمد سبط المارديني.</subfield><subfield code="t">رسالة في العمل بالربع المجيب.</subfield></datafield><datafield tag="880" ind1="1" ind2="0"><subfield code="6">245-03/</subfield><subfield code="a">شرح رسالة سبط المارديني في الربع المجيب :</subfield><subfield code="k">manuscript،</subfield><subfield code="f">[1568 or 9?] /</subfield><subfield code="c">للشيخ الإمام العالم المتفنن سبدي عبد الرحمن التاجوري.</subfield></datafield><datafield tag="880" ind1="1" ind2="0"><subfield code="6">240-02/</subfield><subfield code="a">شرح الرسالة الفتحية</subfield></datafield><datafield tag="880" ind1="0" ind2=" "><subfield code="6">100-01/</subfield><subfield code="a">أبو زيد عبد الرحمن بن محمد التاجوري.</subfield></datafield><datafield tag="CID" ind1=" " ind2=" "><subfield code="a">002590523</subfield></datafield><datafield tag="DAT" ind1="0" ind2=" "><subfield code="a">20190719102632.0</subfield><subfield code="b">20190719000000.0</subfield></datafield><datafield tag="DAT" ind1="1" ind2=" "><subfield code="a">20190719090653.0</subfield><subfield code="b">2019-07-19T16:10:39Z</subfield></datafield><datafield tag="DAT" ind1="2" ind2=" "><subfield code="a">2015-10-02T18:00:03Z</subfield></datafield><datafield tag="CAT" ind1=" " ind2=" "><subfield code="a">SDR-MIU</subfield><subfield code="d">EX LIBRIS - ALEPH</subfield><subfield code="l">prepare.pl-004-008</subfield></datafield><datafield tag="FMT" ind1=" " ind2=" "><subfield code="a">BK</subfield></datafield><datafield tag="HOL" ind1=" " ind2=" "><subfield code="0">sdr-miu002590523</subfield><subfield code="a">MiU</subfield><subfield code="b">SDR</subfield><subfield code="c">MIU</subfield><subfield code="p">mdp.39015081447081</subfield><subfield code="s">MIU</subfield><subfield code="1">002590523</subfield></datafield><datafield tag="974" ind1=" " ind2=" "><subfield code="b">MIU</subfield><subfield code="c">MIU</subfield><subfield code="d">20190719</subfield><subfield code="s">lit-dlps-dc</subfield><subfield code="u">mdp.39015081447081</subfield><subfield code="y">1569</subfield><subfield code="r">pd</subfield><subfield code="q">bib</subfield><subfield code="t">non-US bib date2 &lt; 1879</subfield></datafield></record></collection>